@book{debnath2005,
  title={Nonlinear Partial Differential Equations for Scientists and Engineers},
  author={Debnath, L.},
  isbn={9780817643232},
  lccn={2004052899},
  url={http://books.google.ch/books?id=fqI4kHP-5iMC},
  year={2005},
  publisher={Birkh{\"a}user}
}

@article{Kutta1901,
    author = {Kutta, W.},
    title = {{Beitrag zur n\"{a}herungweisen Integration totaler Differentialgleichungen}},
    journal={Z. Math. Phys.},
    volume={46},
    year = {1901},
    pages = {435-453}
}

@article{loyd1980,
    author = {Loyd, Miles L.},
    title = {Crosswind Kite Power},
    journal={J. Energy},
    volume={4(3)},
    year = {1980},
    pages = {106-111}
}


@INPROCEEDINGS{canale2006, 
author={Canale, M. and Fagiano, L. and Ippolito, M. and Milanese, M.}, 
booktitle={Decision and Control, 2006 45th IEEE Conference on}, title={Control of tethered airfoils for a new class of wind energy generator}, 
year={2006}, 
month={dec.}, 
volume={}, 
number={}, 
pages={4020 -4026}, 

ISSN={},}

@article{schmehl2012,
    author = {R. Schmehl},
    title = {Large-Scale Power Generation with Kites},
    journal={J. Soc. Aerospace Engineering Students},
    volume={1},
    year = {2012},
    pages = {21-22}
}

@INPROCEEDINGS{geebelen2012,
    author = {K. Geebelen, H. Ahmad, M. Vukov, S. Gros, J. Swevers, and M. Diehl},
    title = { An experimental test set-up for launch/recovery of an Airborne Wind Energy (AWE) system },
    booktitle={In Proceedings of the 2012 American Control Conference, Montreal, Canada},
    year = {2012},
}

@article{erhard2012,
  author    = {Michael Erhard and
               Hans Strauch},
  title     = {Control of Towing Kites for Seagoing Vessels},
  journal   = {CoRR},
  volume    = {abs/1202.3641},
  year      = {2012},
  ee        = {http://arxiv.org/abs/1202.3641},
  bibsource = {DBLP, http://dblp.uni-trier.de}
}

@misc{skp,

   title = {Swiss Kite Power},
   note = {accessed 06-2012},
   howpublished = {\url{http://www.swisskitepower.ch}}
}

@masterthesis{hejj,
   author = {Andr\'{a}s H\'{e}jj},
   title = {Kalman-filter based position and attitude estimation algorithms for an Inertial Measurement Unit},
   school = {ETH Zürich},
   year = 2009
   }
@masterthesis{ushanthan,
   author = {Ushanthan Jeyabalan},
   title = {The ring on the hook},
   school = {University of Southern Denmark},
   year = 2008,
   howpublished = {\url{covil.sdu.dk/publications/rapportUshanthan.pdf}}
   }

@ARTICLE{sukkarieh1999, 
   author={Sukkarieh, S. and Nebot, E.M. and Durrant-Whyte, H.F.}, 
   journal={Robotics and Automation, IEEE Transactions on}, title={A high integrity IMU/GPS navigation loop for autonomous land vehicle applications}, 
   year={1999}, 
   month={jun}, 
   volume={15}, 
   number={3}, 
   pages={572 -578}, }

﻿@incollection {kim2006,
   author = {Kim, Jong-Hyuk and Sukkarieh, Salah and Wishart, Stuart},

   title = {Real-Time Navigation, Guidance, and Control of a UAV Using Low-Cost Sensors},
   booktitle = {Field and Service Robotics},
   series = {Springer Tracts in Advanced Robotics},

   publisher = {Springer Berlin / Heidelberg},

   pages = {299-309},
   volume = {24},

   year = {2006}
}

@ARTICLE{smith2006, 
   author={Smith, D. and Singh, S.}, 
   journal={Knowledge and Data Engineering, IEEE Transactions on}, title={Approaches to Multisensor Data Fusion in Target Tracking: A Survey}, 
   year={2006}, 
   month={dec. }, 
   volume={18}, 
   number={12}, 
   pages={1696 -1710}, }

@ARTICLE{crassidis2006, 
   author={Crassidis, J.L.}, 
   journal={Aerospace and Electronic Systems, IEEE Transactions on}, title={Sigma-point Kalman filtering for integrated GPS and inertial navigation}, 
   year={2006}, 
   month={april}, 
   volume={42}, 
   number={2}, 
   pages={ 750 - 756}, 
}

@book{andrews2007,
  title={Global positioning systems, inertial navigation and integration},
  author={Mohinder S. Grewal, Lawrence R. Weill, Angus P. Andrews },
  isbn={978-0-470-09972-8},
  year={2007},
  publisher={Hoboken, NJ : Wiley},
}

@techreport{welch1997, 
   author={Welch, Greg and Bishop, Gary}, 
   title={An Introduction to the Kalman Filter}, 
   institution={Department of Computer Science, University of North Carolina at Chapel Hill, NC 27599-3175},
   year={1997}, 
   note={Available from ens-cachan.fr},
}

@incollection{maybeck1979,
title = "Chapter 6 Design and performance analysis of Kalman filters",
author = "Peter S. Maybeck",
booktitle = "Stochastic models, estimation, and control",
publisher = "Elsevier",
year = "1979",
volume = "141, Part 1",
pages = "289 - 367",
series = "Mathematics in Science and Engineering",

}

@misc{joby,

   title = {Joby Energy},
   note = {accessed 06-2012},
   howpublished = {\url{http://www.jobyenergy.com}}
}

@misc{vicon,

   title = {Vicon Motion Systems},
   note = {accessed 06-2012},
   howpublished = {\url{http://www.vicon.com/}}
}


@misc{makani,

   title = {Makani Power},
   note = {accessed 06-2012},
   howpublished = {\url{http://www.makanipower.com}}
}

@misc{mcekf,
   author = {Yi, Cao},
   title = {MatlabCentral - Learning the Extended Kalman Filter},
   note = {accessed 06-2012},
   howpublished = {\url{http://www.mathworks.com/matlabcentral/fileexchange/18189-learning-the-extended-kalman-filter}}
}


@misc{diehl11,
   author = {Diehl, Moritz},
   title = {Script for Numerical Optimal Control Course},
   note = {accessed 06-2012},
   howpublished = {\url{http://homes.esat.kuleuven.be/~mdiehl/NUMOPTICON/numopticon.pdf}}
}

